@online{TeXtured,
    author        = {Dujava, Jon\'{a}\v{s}},
    title         = {{\TeXtured{} --- \LaTeX{} Template}},
    year          = {2024},
    url           = {https://overleaf.com/latex/templates/textured/zwtzzwgddbsh},
    github        = {jdujava/TeXtured},
}

@online{femto-phy,
    author        = {Jimmy Roussel},
    title         = {Cours d'\'electrocin\'etique -- femto-physique},
    year          = {2024},
    url           = {https://femto-physique.fr/electrocinetique/index.php},
}
